

@article{robey2024jailbreaking,
    title={\href{https://arxiv.org/pdf/2410.13691}{Jailbreaking LLM-Controlled Robots}},
    author={Robey, Alexander and Ravichandran, Zachary and Kumar, Vijay and Hassani, Hamed and Pappas, George J.},
    journal={International Conference on Robotics and Automation (ICRA)},
    year={2025}
}

@inproceedings{arenas2024prompt,
  title={\href{https://ieeexplore.ieee.org/document/10610784}{How to prompt your robot: A promptbook for manipulation skills with code as policies}},
  author={Arenas, Montserrat Gonzalez and Xiao, Ted and Singh, Sumeet and Jain, Vidhi and Ren, Allen and Vuong, Quan and Varley, Jake and Herzog, Alexander and Leal, Isabel and Kirmani, Sean and others},
  booktitle={2024 IEEE International Conference on Robotics and Automation (ICRA)},
  pages={4340--4348},
  year={2024},
  organization={IEEE}
}

@inproceedings{tuumova2013minimumviolationltl,
  title={\href{https://arxiv.org/pdf/1303.3679}{Minimum-violation LTL planning with conflicting specifications}},
  author={Tumova, Jana and Castro, Luis I Reyes and Karaman, Sertac and Frazzoli, Emilio and Rus, Daniela},
  booktitle={2013 American Control Conference},
  pages={200--205},
  year={2013},
  organization={IEEE}
}

@article{brunke2024semantically,
  title={\href{https://arxiv.org/pdf/2410.15185}{Semantically Safe Robot Manipulation: From Semantic Scene Understanding to Motion Safeguards}},
  author={Brunke, Lukas and Zhang, Yanni and R{\"o}mer, Ralf and Naimer, Jack and Staykov, Nikola and Zhou, Siqi and Schoellig, Angela P},
  journal={arXiv preprint arXiv:2410.15185},
  year={2024}
}


@article{yang2024joint,
  title={\href{https://arxiv.org/pdf/2410.14865}{Joint Verification and Refinement of Language Models for Safety-Constrained Planning}},
  author={Yang, Yunhao and Ward, William and Hu, Zichao and Biswas, Joydeep and Topcu, Ufuk},
  journal={arXiv preprint arXiv:2410.14865},
  year={2024}
}

@article{jain2023baseline,
  title={\href{https://arxiv.org/abs/2309.00614}{Baseline defenses for adversarial attacks against aligned language models}},
  author={Jain, Neel and Schwarzschild, Avi and Wen, Yuxin and Somepalli, Gowthami and Kirchenbauer, John and Chiang, Ping-yeh and Goldblum, Micah and Saha, Aniruddha and Geiping, Jonas and Goldstein, Tom},
  journal={arXiv preprint arXiv:2309.00614},
  year={2023}
}

@article{greenblatt2024stress,
  title={\href{https://arxiv.org/abs/2405.19550}{Stress-Testing Capability Elicitation With Password-Locked Models}},
  author={Greenblatt, Ryan and Roger, Fabien and Krasheninnikov, Dmitrii and Krueger, David},
  journal={arXiv preprint arXiv:2405.19550},
  year={2024}
}

@article{carlsmith2023scheming,
  title={\href{https://arxiv.org/abs/2311.08379}{Scheming AIs: Will AIs fake alignment during training in order to get power?}},
  author={Carlsmith, Joe},
  journal={arXiv preprint arXiv:2311.08379},
  year={2023}
}

@article{inan2023llama,
  title={\href{https://arxiv.org/abs/2312.06674}{Llama guard: Llm-based input-output safeguard for human-ai conversations}},
  author={Inan, Hakan and Upasani, Kartikeya and Chi, Jianfeng and Rungta, Rashi and Iyer, Krithika and Mao, Yuning and Tontchev, Michael and Hu, Qing and Fuller, Brian and Testuggine, Davide and others},
  journal={arXiv preprint arXiv:2312.06674},
  year={2023}
}



@article{ouyang2022training,
  title={\href{https://arxiv.org/abs/2203.02155}{Training language models to follow instructions with human feedback}},
  author={Ouyang, Long and Wu, Jeffrey and Jiang, Xu and Almeida, Diogo and Wainwright, Carroll and Mishkin, Pamela and Zhang, Chong and Agarwal, Sandhini and Slama, Katarina and Ray, Alex and others},
  journal={Advances in neural information processing systems},
  volume={35},
  pages={27730--27744},
  year={2022}
}

@inproceedings{zou2024improving,
  title={\href{https://arxiv.org/abs/2406.04313}{Improving alignment and robustness with circuit breakers}},
  author={Zou, Andy and Phan, Long and Wang, Justin and Duenas, Derek and Lin, Maxwell and Andriushchenko, Maksym and Kolter, J Zico and Fredrikson, Matt and Hendrycks, Dan},
  booktitle={The Thirty-eighth Annual Conference on Neural Information Processing Systems},
  year={2024}
}

@article{carlini2024aligned,
  title={\href{https://arxiv.org/abs/2306.15447}{Are aligned neural networks adversarially aligned?}},
  author={Carlini, Nicholas and Nasr, Milad and Choquette-Choo, Christopher A and Jagielski, Matthew and Gao, Irena and Koh, Pang Wei W and Ippolito, Daphne and Tramer, Florian and Schmidt, Ludwig},
  journal={Advances in Neural Information Processing Systems},
  volume={36},
  year={2024}
}

@article{wei2024jailbroken,
  title={\href{https://arxiv.org/abs/2307.02483}{Jailbroken: How does llm safety training fail?}},
  author={Wei, Alexander and Haghtalab, Nika and Steinhardt, Jacob},
  journal={Advances in Neural Information Processing Systems},
  volume={36},
  year={2024}
}

@article{chao2023jailbreaking,
  title={\href{https://arxiv.org/abs/2310.08419}{Jailbreaking black box large language models in twenty queries}},
  author={Chao, Patrick and Robey, Alexander and Dobriban, Edgar and Hassani, Hamed and Pappas, George J and Wong, Eric},
  journal={arXiv preprint arXiv:2310.08419},
  year={2023}
}

@article{liu2023autodan,
  title={\href{https://arxiv.org/abs/2310.04451}{Autodan: Generating stealthy jailbreak prompts on aligned large language models}},
  author={Liu, Xiaogeng and Xu, Nan and Chen, Muhao and Xiao, Chaowei},
  journal={arXiv preprint arXiv:2310.04451},
  year={2023}
}


@INPROCEEDINGS{optimalscenegraphllm,
  author={Dai, Zhirui and Asgharivaskasi, Arash and Duong, Thai and Lin, Shusen and Tzes, Maria-Elizabeth and Pappas, George and Atanasov, Nikolay},
  booktitle={2024 IEEE International Conference on Robotics and Automation (ICRA)}, 
  title={\href{https://arxiv.org/pdf/2309.09182}{Optimal Scene Graph Planning with Large Language Model Guidance}}, 
  year={2024},
  volume={},
  number={},
  pages={14062-14069},
  keywords={Measurement;Grounding;Large language models;Semantics;Automata;Planning;Logic},
  doi={10.1109/ICRA57147.2024.10610599}}


@misc{yang2023plugsafetychipenforcing,
      title={\href{https://arxiv.org/pdf/2309.09919}{Plug in the Safety Chip: Enforcing Constraints for LLM-driven Robot Agents}}, 
      author={Ziyi Yang and Shreyas S. Raman and Ankit Shah and Stefanie Tellex},
      year={2023},
      eprint={2309.09919},
      archivePrefix={arXiv},
      primaryClass={cs.RO},
      url={https://arxiv.org/abs/2309.09919}, 
}

@article{robey2023smoothllm,
  title={\href{https://arxiv.org/pdf/2310.03684}{Smoothllm: Defending large language models against jailbreaking attacks}},
  author={Robey, Alexander and Wong, Eric and Hassani, Hamed and Pappas, George J},
  journal={arXiv preprint arXiv:2310.03684},
  year={2023}
}


@article{ma2023eureka,
  title={\href{https://arxiv.org/pdf/2310.12931}{Eureka: Human-level reward design via coding large language models}},
  author={Ma, Yecheng Jason and Liang, William and Wang, Guanzhi and Huang, De-An and Bastani, Osbert and Jayaraman, Dinesh and Zhu, Yuke and Fan, Linxi and Anandkumar, Anima},
  journal={arXiv preprint arXiv:2310.12931},
  year={2023}
}

@article{ahn2022can,
  title={\href{https://arxiv.org/pdf/2204.01691}{Do as I can, not as I say: Grounding language in robotic affordances}},
  author={Ahn, Michael and Brohan, Anthony and Brown, Noah and Chebotar, Yevgen and Cortes, Omar and David, Byron and Finn, Chelsea and Fu, Chuyuan and Gopalakrishnan, Keerthana and Hausman, Karol and others},
  journal={arXiv preprint arXiv:2204.01691},
  year={2022}
}

@article{chao2024jailbreakbench,
  title={\href{https://arxiv.org/pdf/2404.01318}{Jailbreakbench: An open robustness benchmark for jailbreaking large language models}},
  author={Chao, Patrick and Debenedetti, Edoardo and Robey, Alexander and Andriushchenko, Maksym and Croce, Francesco and Sehwag, Vikash and Dobriban, Edgar and Flammarion, Nicolas and Pappas, George J and Tramer, Florian and others},
  journal={arXiv preprint arXiv:2404.01318},
  year={2024}
}

@article{liu2023agentbench,
  title={\href{https://arxiv.org/pdf/2308.03688}{Agentbench: Evaluating llms as agents}},
  author={Liu, Xiao and Yu, Hao and Zhang, Hanchen and Xu, Yifan and Lei, Xuanyu and Lai, Hanyu and Gu, Yu and Ding, Hangliang and Men, Kaiwen and Yang, Kejuan and others},
  journal={arXiv preprint arXiv:2308.03688},
  year={2023}
}




@article{ma2024dreureka,
  title={\href{https://arxiv.org/pdf/2406.01967}{DrEureka: Language Model Guided Sim-To-Real Transfer}},
  author={Ma, Yecheng Jason and Liang, William and Wang, Hung-Ju and Wang, Sam and Zhu, Yuke and Fan, Linxi and Bastani, Osbert and Jayaraman, Dinesh},
  journal={arXiv preprint arXiv:2406.01967},
  year={2024}
}

@article{yu2023language,
  title={\href{https://arxiv.org/abs/2306.08647}{Language to rewards for robotic skill synthesis}},
  author={Yu, Wenhao and Gileadi, Nimrod and Fu, Chuyuan and Kirmani, Sean and Lee, Kuang-Huei and Arenas, Montse Gonzalez and Chiang, Hao-Tien Lewis and Erez, Tom and Hasenclever, Leonard and Humplik, Jan and others},
  journal={arXiv preprint arXiv:2306.08647},
  year={2023}
}


@inproceedings{liang2023code,
  title={\href{https://arxiv.org/pdf/2209.07753}{Code as policies: Language model programs for embodied control}},
  author={Liang, Jacky and Huang, Wenlong and Xia, Fei and Xu, Peng and Hausman, Karol and Ichter, Brian and Florence, Pete and Zeng, Andy},
  booktitle={2023 IEEE International Conference on Robotics and Automation (ICRA)},
  pages={9493--9500},
  year={2023},
  organization={IEEE}
}


@inproceedings{li2024driving,
  title={\href{https://arxiv.org/pdf/2402.05932}{Driving everywhere with large language model policy adaptation}},
  author={Li, Boyi and Wang, Yue and Mao, Jiageng and Ivanovic, Boris and Veer, Sushant and Leung, Karen and Pavone, Marco},
  booktitle={Proceedings of the IEEE/CVF Conference on Computer Vision and Pattern Recognition},
  pages={14948--14957},
  year={2024}
}


@inproceedings{rana2023sayplan,
title={\href{https://arxiv.org/pdf/2307.06135}{SayPlan: Grounding Large Language Models using 3D Scene Graphs for Scalable Task Planning}},
author={Krishan Rana and Jesse Haviland and Sourav Garg and Jad Abou-Chakra and Ian Reid and Niko Suenderhauf},
booktitle={7th Annual Conference on Robot Learning},
year={2023},
url={https://openreview.net/forum?id=wMpOMO0Ss7a}
}


@article{momallm24,
  title={\href{https://arxiv.org/pdf/2403.08605}{Language-Grounded Dynamic Scene Graphs for Interactive Object Search with Mobile Manipulation}},
  author={Daniel Honerkamp and Martin Büchner and Fabien Despinoy and Tim Welschehold and Abhinav Valada},
  journal={arXiv preprint arXiv:2403.08605},
  year={2024}
}


@article{kwon2023reward,
  title={\href{https://arxiv.org/abs/2303.00001}{Reward design with language models}},
  author={Kwon, Minae and Xie, Sang Michael and Bullard, Kalesha and Sadigh, Dorsa},
  journal={arXiv preprint arXiv:2303.00001},
  year={2023}
}


@INPROCEEDINGS{vlmaps,
  author={Huang, Chenguang and Mees, Oier and Zeng, Andy and Burgard, Wolfram},
  booktitle={2023 IEEE International Conference on Robotics and Automation (ICRA)}, 
  title={\href{https://arxiv.org/pdf/2210.05714{Visual Language Maps for Robot Navigation}}}, 
  year={2023},
  volume={},
  number={},
  pages={10608-10615},
  keywords={Meters;Visualization;Three-dimensional displays;TV;Navigation;Grounding;Natural languages},
  doi={10.1109/ICRA48891.2023.10160969}}


@inproceedings{tagliabue2023realresilienceadaptationusing,
  title={\href{https://arxiv.org/pdf/2311.01403}{REAL: Resilience and Adaptation using Large Language Models on Autonomous Aerial Robots}}, 
  author={Andrea Tagliabue and Kota Kondo and Tong Zhao and Mason Peterson and Claudius T. Tewari and Jonathan P. How},
  year={2023},
  booktitle={Conference on Robot Learning},
  url={https://arxiv.org/abs/2311.01403}, 
}


@article{fan2024learning,
  title={\href{https://arxiv.org/pdf/2406.10789v1}{Learning Traffic Crashes as Language: Datasets, Benchmarks, and What-if Causal Analyses}},
  author={Fan, Zhiwen and Wang, Pu and Zhao, Yang and Zhao, Yibo and Ivanovic, Boris and Wang, Zhangyang and Pavone, Marco and Yang, Hao Frank},
  journal={arXiv preprint arXiv:2406.10789},
  year={2024}
}


@ARTICLE{llm_service_robot,
  author={Hu, Zichao and Lucchetti, Francesca and Schlesinger, Claire and Saxena, Yash and Freeman, Anders and Modak, Sadanand and Guha, Arjun and Biswas, Joydeep},
  journal={IEEE Robotics and Automation Letters}, 
  title={\href{https://arxiv.org/pdf/2311.11183}{Deploying and Evaluating LLMs to Program Service Mobile Robots}}, 
  year={2024},
  doi={10.1109/LRA.2024.3360020}
}


@article{rafailov2024direct,
  title={\href{https://arxiv.org/abs/2305.18290}{Direct preference optimization: Your language model is secretly a reward model}},
  author={Rafailov, Rafael and Sharma, Archit and Mitchell, Eric and Manning, Christopher D and Ermon, Stefano and Finn, Chelsea},
  journal={Advances in Neural Information Processing Systems},
  volume={36},
  year={2024}
}

@book{zhou1998essentials,
  title={\href{}{Essentials of robust control}},
  author={Zhou, Kemin and Doyle, John Comstock},
  volume={104},
  year={1998},
  publisher={Prentice hall Upper Saddle River, NJ}
}

@article{dubey2024llama,
  title={\href{https://arxiv.org/abs/2407.21783}{The llama 3 herd of models}},
  author={Dubey, Abhimanyu and Jauhri, Abhinav and Pandey, Abhinav and Kadian, Abhishek and Al-Dahle, Ahmad and Letman, Aiesha and Mathur, Akhil and Schelten, Alan and Yang, Amy and Fan, Angela and others},
  journal={arXiv preprint arXiv:2407.21783},
  year={2024}
}

@article{guan2024deliberative,
  title={\href{https://arxiv.org/abs/2412.16339}{Deliberative alignment: Reasoning enables safer language models}},
  author={Guan, Melody Y and Joglekar, Manas and Wallace, Eric and Jain, Saachi and Barak, Boaz and Heylar, Alec and Dias, Rachel and Vallone, Andrea and Ren, Hongyu and Wei, Jason and others},
  journal={arXiv preprint arXiv:2412.16339},
  year={2024}
}

@article{zou2023universal,
  title={\href{https://arxiv.org/abs/2307.15043}{Universal and transferable adversarial attacks on aligned language models}},
  author={Zou, Andy and Wang, Zifan and Carlini, Nicholas and Nasr, Milad and Kolter, J Zico and Fredrikson, Matt},
  journal={arXiv preprint arXiv:2307.15043},
  year={2023}
}


@article{bai2022constitutional,
  title={\href{https://arxiv.org/abs/2212.08073}{Constitutional ai: Harmlessness from ai feedback}},
  author={Bai, Yuntao and Kadavath, Saurav and Kundu, Sandipan and Askell, Amanda and Kernion, Jackson and Jones, Andy and Chen, Anna and Goldie, Anna and Mirhoseini, Azalia and McKinnon, Cameron and others},
  journal={arXiv preprint arXiv:2212.08073},
  year={2022}
}

@article{brunke2022safe,
  title={\href{https://arxiv.org/abs/2108.06266}{Safe learning in robotics: From learning-based control to safe reinforcement learning}},
  author={Brunke, Lukas and Greeff, Melissa and Hall, Adam W and Yuan, Zhaocong and Zhou, Siqi and Panerati, Jacopo and Schoellig, Angela P},
  journal={Annual Review of Control, Robotics, and Autonomous Systems},
  volume={5},
  number={1},
  pages={411--444},
  year={2022},
  publisher={Annual Reviews}
}

@inproceedings{achiam2017constrained,
  title={\href{https://arxiv.org/abs/1705.10528}{Constrained policy optimization}},
  author={Achiam, Joshua and Held, David and Tamar, Aviv and Abbeel, Pieter},
  booktitle={International conference on machine learning},
  pages={22--31},
  year={2017},
  organization={PMLR}
}

@inproceedings{robey2020learning,
  title={\href{https://arxiv.org/abs/2004.03315}{Learning control barrier functions from expert demonstrations}},
  author={Robey, Alexander and Hu, Haimin and Lindemann, Lars and Zhang, Hanwen and Dimarogonas, Dimos V and Tu, Stephen and Matni, Nikolai},
  booktitle={2020 59th IEEE Conference on Decision and Control (CDC)},
  pages={3717--3724},
  year={2020},
  organization={IEEE}
}

@inproceedings{taylor2020learning,
  title={\href{https://proceedings.mlr.press/v120/taylor20a.html}{Learning for safety-critical control with control barrier functions}},
  author={Taylor, Andrew and Singletary, Andrew and Yue, Yisong and Ames, Aaron},
  booktitle={Learning for Dynamics and Control},
  pages={708--717},
  year={2020},
  organization={PMLR}
}

@article{guarascio2024will,
  title={\href{https://papers.ssrn.com/sol3/papers.cfm?abstract_id=4750618}{Will Robots Replace Workers? Assessing the Impact of Robots on Employment and Wages with Meta-Analysis}},
  author={Guarascio, Dario and Piccirillo, Alessandro and Reljic, Jelena},
  journal={Assessing the Impact of Robots on Employment and Wages with Meta-Analysis},
  year={2024}
}


@article{team2024octo,
  title={\href{https://arxiv.org/abs/2405.12213}{Octo: An open-source generalist robot policy}},
  author={Team, Octo Model and Ghosh, Dibya and Walke, Homer and Pertsch, Karl and Black, Kevin and Mees, Oier and Dasari, Sudeep and Hejna, Joey and Kreiman, Tobias and Xu, Charles and others},
  journal={arXiv preprint arXiv:2405.12213},
  year={2024}
}

@article{jaech2024openai,
  title={\href{https://cdn.openai.com/o1-system-card-20241205.pdf}{OpenAI o1 System Card}},
  author={Jaech, Aaron and Kalai, Adam and Lerer, Adam and Richardson, Adam and El-Kishky, Ahmed and Low, Aiden and Helyar, Alec and Madry, Aleksander and Beutel, Alex and Carney, Alex and others},
  journal={arXiv preprint arXiv:2412.16720},
  year={2024}
}

@article{li2024cogact,
  title={\href{https://arxiv.org/abs/2411.19650}{CogACT: A Foundational Vision-Language-Action Model for Synergizing Cognition and Action in Robotic Manipulation}},
  author={Li, Qixiu and Liang, Yaobo and Wang, Zeyu and Luo, Lin and Chen, Xi and Liao, Mozheng and Wei, Fangyun and Deng, Yu and Xu, Sicheng and Zhang, Yizhong and others},
  journal={arXiv preprint arXiv:2411.19650},
  year={2024}
}

@article{strobel2024llm2swarm,
  title={\href{https://arxiv.org/abs/2410.11387}{LLM2Swarm: Robot Swarms that Responsively Reason, Plan, and Collaborate through LLMs}},
  author={Strobel, Volker and Dorigo, Marco and Fritz, Mario},
  journal={arXiv preprint arXiv:2410.11387},
  year={2024}
}

@inproceedings{kim2024understanding,
  title={\href{https://arxiv.org/abs/2401.03217}{Understanding large-language model (llm)-powered human-robot interaction}},
  author={Kim, Callie Y and Lee, Christine P and Mutlu, Bilge},
  booktitle={Proceedings of the 2024 ACM/IEEE International Conference on Human-Robot Interaction},
  pages={371--380},
  year={2024}
}

@article{kim2024openvla,
  title={\href{https://arxiv.org/abs/2406.09246}{OpenVLA: An Open-Source Vision-Language-Action Model}},
  author={Kim, Moo Jin and Pertsch, Karl and Karamcheti, Siddharth and Xiao, Ted and Balakrishna, Ashwin and Nair, Suraj and Rafailov, Rafael and Foster, Ethan and Lam, Grace and Sanketi, Pannag and others},
  journal={arXiv preprint arXiv:2406.09246},
  year={2024}
}


@article{ahn2024autort,
  title={\href{https://arxiv.org/abs/2401.12963}{Autort: Embodied foundation models for large scale orchestration of robotic agents}},
  author={Ahn, Michael and Dwibedi, Debidatta and Finn, Chelsea and Arenas, Montse Gonzalez and Gopalakrishnan, Keerthana and Hausman, Karol and Ichter, Brian and Irpan, Alex and Joshi, Nikhil and Julian, Ryan and others},
  journal={arXiv preprint arXiv:2401.12963},
  year={2024}
}

@article{brohan2023rt,
  title={\href{https://arxiv.org/abs/2307.15818}{Rt-2: Vision-language-action models transfer web knowledge to robotic control}},
  author={Brohan, Anthony and Brown, Noah and Carbajal, Justice and Chebotar, Yevgen and Chen, Xi and Choromanski, Krzysztof and Ding, Tianli and Driess, Danny and Dubey, Avinava and Finn, Chelsea and others},
  journal={arXiv preprint arXiv:2307.15818},
  year={2023}
}

@article{kojima2022large,
  title={\href{https://arxiv.org/abs/2205.11916}{Large language models are zero-shot reasoners}},
  author={Kojima, Takeshi and Gu, Shixiang Shane and Reid, Machel and Matsuo, Yutaka and Iwasawa, Yusuke},
  journal={Advances in neural information processing systems},
  volume={35},
  pages={22199--22213},
  year={2022}
}

@article{wei2022chain,
  title={\href{https://arxiv.org/abs/2201.11903}{Chain-of-thought prompting elicits reasoning in large language models}},
  author={Wei, Jason and Wang, Xuezhi and Schuurmans, Dale and Bosma, Maarten and Xia, Fei and Chi, Ed and Le, Quoc V and Zhou, Denny and others},
  journal={Advances in neural information processing systems},
  volume={35},
  pages={24824--24837},
  year={2022}
}

@article{peng2024rapid,
  title={\href{https://arxiv.org/abs/2411.07494}{Rapid Response: Mitigating LLM Jailbreaks with a Few Examples}},
  author={Peng, Alwin and Michael, Julian and Sleight, Henry and Perez, Ethan and Sharma, Mrinank},
  journal={arXiv preprint arXiv:2411.07494},
  year={2024}
}


@article{sheshadri2024latent,
  title={\href{https://arxiv.org/abs/2407.15549}{Latent Adversarial Training Improves Robustness to Persistent Harmful Behaviors in LLMs}},
  author={Sheshadri, Abhay and Ewart, Aidan and Guo, Phillip and Lynch, Aengus and Wu, Cindy and Hebbar, Vivek and Sleight, Henry and Stickland, Asa Cooper and Perez, Ethan and Hadfield-Menell, Dylan and others},
  journal={arXiv preprint arXiv:2407.15549},
  year={2024}
}

@article{shah2023scalable,
  title={\href{https://arxiv.org/abs/2311.03348}{Scalable and transferable black-box jailbreaks for language models via persona modulation}},
  author={Shah, Rusheb and Pour, Soroush and Tagade, Arush and Casper, Stephen and Rando, Javier and others},
  journal={arXiv preprint arXiv:2311.03348},
  year={2023}
}

@article{andriushchenko2024jailbreaking,
  title={\href{https://arxiv.org/abs/2404.02151}{Jailbreaking leading safety-aligned llms with simple adaptive attacks}},
  author={Andriushchenko, Maksym and Croce, Francesco and Flammarion, Nicolas},
  journal={arXiv preprint arXiv:2404.02151},
  year={2024}
}

@article{souly2024strongreject,
  title={\href{https://arxiv.org/abs/2402.10260}{A strongreject for empty jailbreaks}},
  author={Souly, Alexandra and Lu, Qingyuan and Bowen, Dillon and Trinh, Tu and Hsieh, Elvis and Pandey, Sana and Abbeel, Pieter and Svegliato, Justin and Emmons, Scott and Watkins, Olivia and others},
  journal={arXiv preprint arXiv:2402.10260},
  year={2024}
}

@article{mehrotra2023tree,
  title={\href{https://arxiv.org/abs/2312.02119}{Tree of attacks: Jailbreaking black-box llms automatically}},
  author={Mehrotra, Anay and Zampetakis, Manolis and Kassianik, Paul and Nelson, Blaine and Anderson, Hyrum and Singer, Yaron and Karbasi, Amin},
  journal={arXiv preprint arXiv:2312.02119},
  year={2023}
}

@article{wei2023jailbreak,
  title={\href{https://arxiv.org/abs/2310.06387}{Jailbreak and guard aligned language models with only few in-context demonstrations}},
  author={Wei, Zeming and Wang, Yifei and Li, Ang and Mo, Yichuan and Wang, Yisen},
  journal={arXiv preprint arXiv:2310.06387},
  year={2023}
}


@article{ji2024defending,
  title={\href{https://arxiv.org/abs/2402.16192}{Defending large language models against jailbreak attacks via semantic smoothing}},
  author={Ji, Jiabao and Hou, Bairu and Robey, Alexander and Pappas, George J and Hassani, Hamed and Zhang, Yang and Wong, Eric and Chang, Shiyu},
  journal={arXiv preprint arXiv:2402.16192},
  year={2024}
}

@article{zhang2024backtracking,
  title={\href{https://arxiv.org/abs/2409.14586}{Backtracking improves generation safety}},
  author={Zhang, Yiming and Chi, Jianfeng and Nguyen, Hailey and Upasani, Kartikeya and Bikel, Daniel M and Weston, Jason and Smith, Eric Michael},
  journal={arXiv preprint arXiv:2409.14586},
  year={2024}
}

@article{mazeika2024harmbench,
  title={\href{https://arxiv.org/abs/2402.04249}{Harmbench: A standardized evaluation framework for automated red teaming and robust refusal}},
  author={Mazeika, Mantas and Phan, Long and Yin, Xuwang and Zou, Andy and Wang, Zifan and Mu, Norman and Sakhaee, Elham and Li, Nathaniel and Basart, Steven and Li, Bo and others},
  journal={arXiv preprint arXiv:2402.04249},
  year={2024}
}

@inproceedings{qi2024visual,
  title={\href{https://arxiv.org/abs/2306.13213}{Visual adversarial examples jailbreak aligned large language models}},
  author={Qi, Xiangyu and Huang, Kaixuan and Panda, Ashwinee and Henderson, Peter and Wang, Mengdi and Mittal, Prateek},
  booktitle={Proceedings of the AAAI Conference on Artificial Intelligence},
  volume={38},
  number={19},
  pages={21527--21536},
  year={2024}
}

@incollection{bemporad2007robust,
  title={\href{https://link.springer.com/chapter/10.1007/BFb0109870}{Robust model predictive control: A survey}},
  author={Bemporad, Alberto and Morari, Manfred},
  booktitle={Robustness in identification and control},
  pages={207--226},
  year={2007},
  publisher={Springer}
}

@inproceedings{prajna2004safety,
  title={\href{https://link.springer.com/chapter/10.1007/978-3-540-24743-2_32}{Safety verification of hybrid systems using barrier certificates}},
  author={Prajna, Stephen and Jadbabaie, Ali},
  booktitle={International Workshop on Hybrid Systems: Computation and Control},
  pages={477--492},
  year={2004},
  organization={Springer}
}


@article{mitchell2005time,
  title={\href{https://www.cs.ubc.ca/~mitchell/Papers/publishedIEEEtac05.pdf}{A time-dependent Hamilton-Jacobi formulation of reachable sets for continuous dynamic games}},
  author={Mitchell, Ian M and Bayen, Alexandre M and Tomlin, Claire J},
  journal={IEEE Transactions on automatic control},
  volume={50},
  number={7},
  pages={947--957},
  year={2005},
  publisher={IEEE}
}

@article{o2023open,
  title={\href{https://robotics-transformer-x.github.io/}{Open x-embodiment: Robotic learning datasets and rt-x models}},
  author={O'Neill, Abby and Rehman, Abdul and Gupta, Abhinav and Maddukuri, Abhiram and Gupta, Abhishek and Padalkar, Abhishek and Lee, Abraham and Pooley, Acorn and Gupta, Agrim and Mandlekar, Ajay and others},
  journal={arXiv preprint arXiv:2310.08864},
  year={2023}
}

@article{mayne2000constrained,
  title={\href{https://www.semanticscholar.org/paper/Constrained-model-predictive-control%3A-Stability-and-Mayne-Rawlings/abe3167ff50408ea3b89890f63526c1f2fbd7087}{Constrained model predictive control: Stability and optimality}},
  author={Mayne, David Q and Rawlings, James B and Rao, Christopher V and Scokaert, Pierre OM},
  journal={Automatica},
  volume={36},
  number={6},
  pages={789--814},
  year={2000},
  publisher={Elsevier}
}

@article{dong2023robust,
  title={\href{https://arxiv.org/abs/2309.11751}{How Robust is Google's Bard to Adversarial Image Attacks?}},
  author={Dong, Yinpeng and Chen, Huanran and Chen, Jiawei and Fang, Zhengwei and Yang, Xiao and Zhang, Yichi and Tian, Yu and Su, Hang and Zhu, Jun},
  journal={arXiv preprint arXiv:2309.11751},
  year={2023}
}

@article{hu2024transferable,
  title={\href{https://openreview.net/forum?id=DYVSLfiyRN}{Transferable Adversarial Attack on Vision-enabled Large Language Models}},
  author={Hu, Kai and Yu, Weichen and Robey, Alexander and Zou, Andy and Xu, Chengming and Hu, Haoqi and Fredrikson, Matt},
  journal={OpenReview},
  year={2024},
  url={https://openreview.net/forum?id=DYVSLfiyRN}
}

@article{gu2024agent,
  title={\href{https://arxiv.org/abs/2402.08567}{Agent Smith: A single image can jailbreak one million multimodal LLM agents exponentially fast}},
  author={Gu, Xiangming and Zheng, Xiaosen and Pang, Tianyu and Du, Chao and Liu, Qian and Wang, Ye and Jiang, Jing and Lin, Min},
  journal={arXiv preprint arXiv:2402.08567},
  year={2024}
}

@article{huang2023composite,
  title={\href{https://arxiv.org/abs/2310.07676}{Composite backdoor attacks against large language models}},
  author={Huang, Hai and Zhao, Zhengyu and Backes, Michael and Shen, Yun and Zhang, Yang},
  journal={arXiv preprint arXiv:2310.07676},
  year={2023}
}

@article{perez2022ignore,
  title={\href{https://arxiv.org/abs/2211.09527}{Ignore previous prompt: Attack techniques for language models}},
  author={Perez, F{\'a}bio and Ribeiro, Ian},
  journal={arXiv preprint arXiv:2211.09527},
  year={2022}
}

@article{liu2023prompt,
  title={\href{https://arxiv.org/abs/2306.05499}{Prompt Injection attack against LLM-integrated Applications}},
  author={Liu, Yi and Deng, Gelei and Li, Yuekang and Wang, Kailong and Wang, Zihao and Wang, Xiaofeng and Zhang, Tianwei and Liu, Yepang and Wang, Haoyu and Zheng, Yan and others},
  journal={arXiv preprint arXiv:2306.05499},
  year={2023}
}

@article{li2024llm,
  title={\href{https://arxiv.org/abs/2408.15221}{LLM defenses are not robust to multi-turn human jailbreaks yet}},
  author={Li, Nathaniel and Han, Ziwen and Steneker, Ian and Primack, Willow and Goodside, Riley and Zhang, Hugh and Wang, Zifan and Menghini, Cristina and Yue, Summer},
  journal={arXiv preprint arXiv:2408.15221},
  year={2024}
}

@article{russinovich2024great,
  title={\href{https://arxiv.org/abs/2404.01833}{Great, now write an article about that: The crescendo multi-turn LLM jailbreak attack}},
  author={Russinovich, Mark and Salem, Ahmed and Eldan, Ronen},
  journal={arXiv preprint arXiv:2404.01833},
  year={2024}
}

@article{hendrycks2020aligning,
  title={\href{https://arxiv.org/abs/2008.02275}{Aligning AI with shared human values}},
  author={Hendrycks, Dan and Burns, Collin and Basart, Steven and Critch, Andrew and Li, Jerry and Song, Dawn and Steinhardt, Jacob},
  journal={arXiv preprint arXiv:2008.02275},
  year={2020}
}

@article{greenblatt2024alignment,
  title={\href{https://arxiv.org/abs/2412.14093}{Alignment faking in large language models}},
  author={Greenblatt, Ryan and Denison, Carson and Wright, Benjamin and Roger, Fabien and MacDiarmid, Monte and Marks, Sam and Treutlein, Johannes and Belonax, Tim and Chen, Jack and Duvenaud, David and others},
  journal={arXiv preprint arXiv:2412.14093},
  year={2024}
}

@inproceedings{sorensen2024position,
  title={\href{https://arxiv.org/abs/2402.05070}{Position: A Roadmap to Pluralistic Alignment}},
  author={Sorensen, Taylor and Moore, Jared and Fisher, Jillian and Gordon, Mitchell L and Mireshghallah, Niloofar and Rytting, Christopher Michael and Ye, Andre and Jiang, Liwei and Lu, Ximing and Dziri, Nouha and others},
  booktitle={Forty-first International Conference on Machine Learning},
  year={2024}
}

@inproceedings{gordon2022jury,
  title={\href{https://arxiv.org/abs/2202.02950}{Jury learning: Integrating dissenting voices into machine learning models}},
  author={Gordon, Mitchell L and Lam, Michelle S and Park, Joon Sung and Patel, Kayur and Hancock, Jeff and Hashimoto, Tatsunori and Bernstein, Michael S},
  booktitle={Proceedings of the 2022 CHI Conference on Human Factors in Computing Systems},
  pages={1--19},
  year={2022}
}

@article{debenedetti2024agentdojo,
  title={\href{https://arxiv.org/abs/2406.13352}{AgentDojo: A Dynamic Environment to Evaluate Attacks and Defenses for LLM Agents}},
  author={Debenedetti, Edoardo and Zhang, Jie and Balunovi{\'c}, Mislav and Beurer-Kellner, Luca and Fischer, Marc and Tram{\`e}r, Florian},
  journal={arXiv preprint arXiv:2406.13352},
  year={2024}
}

@article{andriushchenko2024agentharm,
  title={\href{}{Agentharm: A benchmark for measuring harmfulness of LLM agents}},
  author={Andriushchenko, Maksym and Souly, Alexandra and Dziemian, Mateusz and Duenas, Derek and Lin, Maxwell and Wang, Justin and Hendrycks, Dan and Zou, Andy and Kolter, Zico and Fredrikson, Matt and others},
  journal={arXiv preprint arXiv:2410.09024},
  year={2024}
}

@article{maharana2024evaluating,
  title={\href{}{Evaluating very long-term conversational memory of LLM agents}},
  author={Maharana, Adyasha and Lee, Dong-Ho and Tulyakov, Sergey and Bansal, Mohit and Barbieri, Francesco and Fang, Yuwei},
  journal={arXiv preprint arXiv:2402.17753},
  year={2024}
}

@article{lindemann2018control,
  title={\href{https://www.semanticscholar.org/paper/Control-Barrier-Functions-for-Signal-Temporal-Logic-Lindemann-Dimarogonas/0a8878cc9a339e2f133436f1c1624d54a7cb30cd}{Control barrier functions for signal temporal logic tasks}},
  author={Lindemann, Lars and Dimarogonas, Dimos V},
  journal={IEEE Control Systems Letters},
  volume={3},
  number={1},
  pages={96--101},
  year={2018},
  publisher={IEEE}
}

@inproceedings{sadigh2016safe,
  title={\href{https://iliad.stanford.edu/pdfs/publications/sadigh2016safe.pdf}{Safe control under uncertainty with probabilistic signal temporal logic}},
  author={Sadigh, Dorsa and Kapoor, Ashish},
  booktitle={Proceedings of Robotics: Science and Systems XII},
  year={2016}
}

@inproceedings{cheng2019end,
  title={\href{https://arxiv.org/abs/1903.08792}{End-to-end safe reinforcement learning through barrier functions for safety-critical continuous control tasks}},
  author={Cheng, Richard and Orosz, G{\'a}bor and Murray, Richard M and Burdick, Joel W},
  booktitle={Proceedings of the AAAI Conference on Artificial Intelligence},
  volume={33},
  number={01},
  pages={3387--3395},
  year={2019}
}

@article{pearce2024scaling,
  title={\href{https://arxiv.org/abs/2411.04434}{Scaling Laws for Pre-training Agents and Tools}},
  author={Pearce, Jonathan and Li, Yi and Chen, Fang and Vynnytska, Yuliia and Nie, Danyi and Elhassan, Houssam and Sen, Aritra and Lee, Tony and Wang, Zhiqiang and Gati, Naman and others},
  journal={arXiv preprint arXiv:2402.08352},
  year={2024}
}

@article{zhou2024multimodal,
  title={\href{https://arxiv.org/abs/2410.06172}{Multimodal Situational Safety}},
  author={Zhou, Kaiwen and Liu, Chengzhi and Zhao, Xuandong and Compalas, Anderson and Song, Dawn and Wang, Xin Eric},
  journal={arXiv preprint arXiv:2410.06172},
  year={2024}
}

@book{bertsekas2012dynamic,
  title={\href{}{Dynamic programming and optimal control: Volume I}},
  author={Bertsekas, Dimitri},
  volume={4},
  year={2012},
  publisher={Athena scientific}
}

@article{ames2016control,
  title={\href{}{Control barrier function based quadratic programs for safety critical systems}},
  author={Ames, Aaron D and Xu, Xiangru and Grizzle, Jessy W and Tabuada, Paulo},
  journal={IEEE Transactions on Automatic Control},
  volume={62},
  number={8},
  pages={3861--3876},
  year={2016},
  publisher={IEEE}
}

@inproceedings{ames2014control,
  title={\href{}{Control barrier function based quadratic programs with application to adaptive cruise control}},
  author={Ames, Aaron D and Grizzle, Jessy W and Tabuada, Paulo},
  booktitle={53rd IEEE conference on decision and control},
  pages={6271--6278},
  year={2014},
  organization={IEEE}
}

@incollection{aastrom1995adaptive,
  title={\href{}{Adaptive control}},
  author={{\AA}str{\"o}m, Karl Johan},
  booktitle={Mathematical System Theory: The Influence of RE Kalman},
  pages={437--450},
  year={1995},
  publisher={Springer}
}

@article{wang2024large,
  title={\href{https://arxiv.org/abs/2401.04334}{Large language models for robotics: Opportunities, challenges, and perspectives}},
  author={Wang, Jiaqi and Wu, Zihao and Li, Yiwei and Jiang, Hanqi and Shu, Peng and Shi, Enze and Hu, Huawen and Ma, Chong and Liu, Yiheng and Wang, Xuhui and others},
  journal={arXiv preprint arXiv:2401.04334},
  year={2024}
}

@article{zeng2023large,
  title={\href{}{Large language models for robotics: A survey}},
  author={Zeng, Fanlong and Gan, Wensheng and Wang, Yongheng and Liu, Ning and Yu, Philip S},
  journal={arXiv preprint arXiv:2311.07226},
  year={2023}
}

@article{nestaas2024adversarial,
  title={\href{https://arxiv.org/abs/2406.18382}{Adversarial search engine optimization for large language models}},
  author={Nestaas, Fredrik and Debenedetti, Edoardo and Tram{\`e}r, Florian},
  journal={arXiv preprint arXiv:2406.18382},
  year={2024}
}

@article{sartor2024neural,
  title={\href{https://arxiv.org/abs/2405.14005}{Neural Scaling Laws for Embodied AI}},
  author={Sartor, Sebastian and Thompson, Neil},
  journal={arXiv preprint arXiv:2405.14005},
  year={2024}
}



@article{gupta2023chatgpt,
  title={\href{https://arxiv.org/abs/2307.00691}{From chatgpt to threatgpt: Impact of generative ai in cybersecurity and privacy}},
  author={Gupta, Maanak and Akiri, CharanKumar and Aryal, Kshitiz and Parker, Eli and Praharaj, Lopamudra},
  journal={IEEE Access},
  year={2023},
  publisher={IEEE}
}

@article{wu2024adversarial,
  title={\href{https://arxiv.org/abs/2406.12814v1}{Adversarial Attacks on Multimodal Agents}},
  author={Wu, Chen Henry and Koh, Jing Yu and Salakhutdinov, Ruslan and Fried, Daniel and Raghunathan, Aditi},
  journal={arXiv preprint arXiv:2406.12814},
  year={2024}
}

@article{driess2023palm,
  title={\href{}{Palm-e: An embodied multimodal language model}},
  author={Driess, Danny and Xia, Fei and Sajjadi, Mehdi SM and Lynch, Corey and Chowdhery, Aakanksha and Ichter, Brian and Wahid, Ayzaan and Tompson, Jonathan and Vuong, Quan and Yu, Tianhe and others},
  journal={arXiv preprint arXiv:2303.03378},
  year={2023}
}

@article{black2024pi_0,
  title={\href{https://arxiv.org/abs/2410.24164}{ $\pi_0 $: A Vision-Language-Action Flow Model for General Robot Control}},
  author={Black, Kevin and Brown, Noah and Driess, Danny and Esmail, Adnan and Equi, Michael and Finn, Chelsea and Fusai, Niccolo and Groom, Lachy and Hausman, Karol and Ichter, Brian and others},
  journal={arXiv preprint arXiv:2410.24164},
  year={2024}
}

@article{kim2024surgical,
  title={\href{https://arxiv.org/abs/2407.12998}{Surgical robot transformer (srt): Imitation learning for surgical tasks}},
  author={Kim, Ji Woong and Zhao, Tony Z and Schmidgall, Samuel and Deguet, Anton and Kobilarov, Marin and Finn, Chelsea and Krieger, Axel},
  journal={arXiv preprint arXiv:2407.12998},
  year={2024}
}

@article{schmidgall2024general,
  title={\href{https://arxiv.org/abs/2401.00678}{General-purpose foundation models for increased autonomy in robot-assisted surgery}},
  author={Schmidgall, Samuel and Kim, Ji Woong and Kuntz, Alan and Ghazi, Ahmed Ezzat and Krieger, Axel},
  journal={Nature Machine Intelligence},
  pages={1--9},
  year={2024},
  publisher={Nature Publishing Group UK London}
}

@inproceedings{SinhaElhafsiEtAl2024Aesop,
	title        = {\href{https://arxiv.org/pdf/2407.08735}{Real-Time Anomaly Detection and Reactive Planning with Large Language Models}},
	author       = {Rohan Sinha and Amine Elhafsi and Christopher Agia and Matthew Foutter and Ed Schmerling and Marco Pavone},
	year         = 2024,
	booktitle    = {Robotics: Science and Systems}
}

@inproceedings{pnueli1977temporal,
  title={\href{https://ieeexplore.ieee.org/stamp/stamp.jsp?tp=&arnumber=4567924}{The temporal logic of programs}},
  author={Pnueli, Amir},
  booktitle={18th annual symposium on foundations of computer science (sfcs 1977)},
  pages={46--57},
  year={1977},
  organization={IEEE}
}

@article{fox2003pddl2,
  title={\href{https://www.jair.org/index.php/jair/article/view/10352/24759}{PDDL2. 1: An extension to PDDL for expressing temporal planning domains}},
  author={Fox, Maria and Long, Derek},
  journal={Journal of artificial intelligence research},
  volume={20},
  pages={61--124},
  year={2003}
}

@article{shah2020planning,
  title={\href{https://ieeexplore.ieee.org/stamp/stamp.jsp?tp=&arnumber=9018240}{Planning with uncertain specifications (puns)}},
  author={Shah, Ankit and Li, Shen and Shah, Julie},
  journal={IEEE Robotics and Automation Letters},
  volume={5},
  number={2},
  pages={3414--3421},
  year={2020},
  publisher={IEEE}
}

@article{kress2018synthesis,
  title={\href{https://www.annualreviews.org/content/journals/10.1146/annurev-control-060117-104838}{Synthesis for robots: Guarantees and feedback for robot behavior}},
  author={Kress-Gazit, Hadas and Lahijanian, Morteza and Raman, Vasumathi},
  journal={Annual Review of Control, Robotics, and Autonomous Systems},
  volume={1},
  number={1},
  pages={211--236},
  year={2018},
  publisher={Annual Reviews}
}

@inproceedings{vasile2013sampling,
  title={\href{https://arxiv.org/pdf/1307.7263}{Sampling-based temporal logic path planning}},
  author={Vasile, Cristian Ioan and Belta, Calin},
  booktitle={2013 IEEE/RSJ International Conference on Intelligent Robots and Systems},
  pages={4817--4822},
  year={2013},
  organization={IEEE}
}

@INPROCEEDINGS{reactive_ltl_planning,
  author={Vasile, Cristian Ioan and Belta, Calin},
  booktitle={2014 IEEE International Conference on Robotics and Automation (ICRA)}, 
  title={\href{https://ieeexplore.ieee.org/stamp/stamp.jsp?tp=&arnumber=6907486}{Reactive sampling-based temporal logic path planning}}, 
  year={2014},
  pages={4310-4315},
  keywords={Robot sensing systems;Automata;Planning;Heuristic algorithms;Path planning},
  doi={10.1109/ICRA.2014.6907486}
}

@inproceedings{purohit2021dynamic_ltl,
  title={\href{https://ieeexplore.ieee.org/stamp/stamp.jsp?tp=&arnumber=9636399}{DT*: Temporal logic path planning in a dynamic environment}},
  author={Purohit, Priya and Saha, Indranil},
  booktitle={2021 IEEE/RSJ International Conference on Intelligent Robots and Systems (IROS)},
  pages={3627--3634},
  year={2021},
  organization={IEEE}
}


@inproceedings{fu2016optimalsemanticltl,
  title={\href{https://ieeexplore.ieee.org/stamp/stamp.jsp?tp=&arnumber=7487554}{Optimal temporal logic planning in probabilistic semantic maps}},
  author={Fu, Jie and Atanasov, Nikolay and Topcu, Ufuk and Pappas, George J},
  booktitle={2016 IEEE International Conference on Robotics and Automation (ICRA)},
  pages={3690--3697},
  year={2016},
  organization={IEEE}
}


@inproceedings{wongpiromsarn2011tulip,
  title={\href{https://dl.acm.org/doi/abs/10.1145/1967701.1967747}{TuLiP: a software toolbox for receding horizon temporal logic planning}},
  author={Wongpiromsarn, Tichakorn and Topcu, Ufuk and Ozay, Necmiye and Xu, Huan and Murray, Richard M},
  booktitle={Proceedings of the 14th international conference on Hybrid systems: computation and control},
  pages={313--314},
  year={2011}
}



@inproceedings{dai2024optimalltlllm,
  title={\href{https://ieeexplore.ieee.org/stamp/stamp.jsp?tp=&arnumber=10610599}{Optimal scene graph planning with large language model guidance}},
  author={Dai, Zhirui and Asgharivaskasi, Arash and Duong, Thai and Lin, Shusen and Tzes, Maria-Elizabeth and Pappas, George and Atanasov, Nikolay},
  booktitle={2024 IEEE International Conference on Robotics and Automation (ICRA)},
  pages={14062--14069},
  year={2024},
  organization={IEEE}
}


@inproceedings{chen2024autotamp,
  title={\href{https://ieeexplore.ieee.org/stamp/stamp.jsp?tp=&arnumber=10611163}{Autotamp: Autoregressive task and motion planning with llms as translators and checkers}},
  author={Chen, Yongchao and Arkin, Jacob and Dawson, Charles and Zhang, Yang and Roy, Nicholas and Fan, Chuchu},
  booktitle={2024 IEEE International conference on robotics and automation (ICRA)},
  pages={6695--6702},
  year={2024},
  organization={IEEE}
}


@inproceedings{liu2024lang2ltl,
  title={\href{https://ieeexplore.ieee.org/stamp/stamp.jsp?tp=&arnumber=10802696}{Lang2ltl-2: Grounding spatiotemporal navigation commands using large language and vision-language models}},
  author={Liu, Jason Xinyu and Shah, Ankit and Konidaris, George and Tellex, Stefanie and Paulius, David},
  booktitle={2024 IEEE/RSJ International Conference on Intelligent Robots and Systems (IROS)},
  pages={2325--2332},
  year={2024},
  organization={IEEE}
}


@article{paulus2024advprompter,
  title={\href{https://arxiv.org/abs/2404.16873}{Advprompter: Fast adaptive adversarial prompting for llms}},
  author={Paulus, Anselm and Zharmagambetov, Arman and Guo, Chuan and Amos, Brandon and Tian, Yuandong},
  journal={arXiv preprint arXiv:2404.16873},
  year={2024}
}

@article{geisler2024attacking,
  title= {\href{https://arxiv.org/abs/2402.09154}{Attacking large language models with projected gradient descent}},
  author={Geisler, Simon and Wollschl{\"a}ger, Tom and Abdalla, MHI and Gasteiger, Johannes and G{\"u}nnemann, Stephan},
  journal={arXiv preprint arXiv:2402.09154},
  year={2024}
}

@inproceedings{liu2023grounding,
  title={\href{https://proceedings.mlr.press/v229/liu23d/liu23d.pdf}{Grounding complex natural language commands for temporal tasks in unseen environments}},
  author={Liu, Jason Xinyu and Yang, Ziyi and Idrees, Ifrah and Liang, Sam and Schornstein, Benjamin and Tellex, Stefanie and Shah, Ankit},
  booktitle={Conference on Robot Learning},
  pages={1084--1110},
  year={2023},
  organization={PMLR}
}

@inproceedings{mavrogiannis2024cook2ltl,
  title={\href{https://ieeexplore.ieee.org/stamp/stamp.jsp?tp=&arnumber=10611086}{Cook2LTL: Translating cooking recipes to LTL formulae using large language models}},
  author={Mavrogiannis, Angelos and Mavrogiannis, Christoforos and Aloimonos, Yiannis},
  booktitle={2024 IEEE International Conference on Robotics and Automation (ICRA)},
  pages={17679--17686},
  year={2024},
  organization={IEEE}
}

@inproceedings{menghi2018multiuncertainty,
  title={\href{https://link.springer.com/chapter/10.1007/978-3-319-95582-7_24}{Multi-robot LTL planning under uncertainty}},
  author={Menghi, Claudio and Garcia, Sergio and Pelliccione, Patrizio and Tumova, Jana},
  booktitle={International Symposium on Formal Methods},
  pages={399--417},
  year={2018},
  organization={Springer}
}

@article{kantaros2022perception,
  title={\href{https://ieeexplore.ieee.org/stamp/stamp.jsp?tp=&arnumber=9708724}{Perception-based temporal logic planning in uncertain semantic maps}},
  author={Kantaros, Yiannis and Kalluraya, Samarth and Jin, Qi and Pappas, George J},
  journal={IEEE Transactions on Robotics},
  volume={38},
  number={4},
  pages={2536--2556},
  year={2022},
  publisher={IEEE}
}




@article{werby23hovsg,
  Author = {Abdelrhman Werby and Chenguang Huang and Martin Büchner and Abhinav Valada and Wolfram Burgard},
  Title = {\href{https://arxiv.org/pdf/2403.17846v1}{Hierarchical Open-Vocabulary 3D Scene Graphs for Language-Grounded Robot Navigation}},
  Year = {2024},
  journal = {Robotics: Science and Systems},
} 

 @misc{Maggio2024Clio,
    title={\href{https://arxiv.org/pdf/2312.11713}{Clio: Real-time Task-Driven Open-Set 3D Scene Graphs}}, 
    author={Dominic Maggio and Yun Chang and Nathan Hughes and Matthew Trang and Dan Griffith and Carlyn Dougherty and Eric Cristofalo and Lukas Schmid and Luca Carlone},
    year={2024},
    eprint={2404.13696},
    archivePrefix={arXiv},
    primaryClass={cs.RO}
 }




@ARTICLE{outdoor_dsg,
  author={Strader, Jared and Hughes, Nathan and Chen, William and Speranzon, Alberto and Carlone, Luca},
  journal={IEEE Robotics and Automation Letters}, 
  title={\href{https://arxiv.org/pdf/2312.11713}{Indoor and Outdoor 3D Scene Graph Generation Via Language-Enabled Spatial Ontologies}}, 
  year={2024},
  volume={9},
  number={6},
  pages={4886-4893},
  keywords={Three-dimensional displays;Ontologies;Semantics;Training;Robots;Training data;Solid modeling;AI-based methods;3D scene graphs;semantic scene understanding;spatial ontologies},
  doi={10.1109/LRA.2024.3384084}}


@article{hughes2024foundations,
  title={\href{https://journals.sagepub.com/doi/full/10.1177/02783649241229725}{Foundations of spatial perception for robotics: Hierarchical representations and real-time systems}},
  author={Hughes, Nathan and Chang, Yun and Hu, Siyi and Talak, Rajat and Abdulhai, Rumaia and Strader, Jared and Carlone, Luca},
  journal={The International Journal of Robotics Research},
  pages={02783649241229725},
  year={2024},
  publisher={SAGE Publications Sage UK: London, England}
}


@article{conceptgraphs,
  author    = {Gu, Qiao and Kuwajerwala, Alihusein and Morin, Sacha and Jatavallabhula, {Krishna Murthy} and  Sen, Bipasha and Agarwal, Aditya and Rivera, Corban and Paul, William and Ellis, Kirsty and Chellappa, Rama and Gan, Chuang and {de Melo}, {Celso Miguel} and Tenenbaum, {Joshua B.} and Torralba, Antonio and Shkurti, Florian and Paull, Liam},
  title     = {\href{https://arxiv.org/pdf/2309.16650}{ConceptGraphs: Open-Vocabulary 3D Scene Graphs for Perception and Planning}},
  journal   = {International Conference on Robotics and Automation},
  year      = {2024},
}

@INPROCEEDINGS{hydra_multi,
  author={Chang, Yun and Hughes, Nathan and Ray, Aaron and Carlone, Luca},
  booktitle={2023 IEEE/RSJ International Conference on Intelligent Robots and Systems (IROS)}, 
  title={\href{https://arxiv.org/pdf/2304.13487}{Hydra-Multi: Collaborative Online Construction of 3D Scene Graphs with Multi-Robot Teams}}, 
  year={2023},
  pages={10995-11002},
  keywords={Three-dimensional displays;Buildings;Collaboration;Transforms;Robot sensing systems;Intelligent robots},
  doi={10.1109/IROS55552.2023.10341838}}


@article{ravichandran_spine,
  title={\href{https://arxiv.org/abs/2410.03035}{SPINE: Online Semantic Planning for Missions with Incomplete Natural Language Specifications in Unstructured Environments}}, 
  author={Zachary Ravichandran and Varun Murali and Mariliza Tzes and George J. Pappas and Vijay Kumar},
  year={2025},
  journal={International Conference on Robotics and Automation (ICRA)},
}

@article{fadhil2024saycomplyllm,
  title={\href{https://arxiv.org/pdf/2411.11323}{SayComply: Grounding Field Robotic Tasks in Operational Compliance through Retrieval-Based Language Models}},
  author={Fadhil Ginting, Muhammad and Kim, Dong-Ki and Kim, Sung-Kyun and Krishna, Bandi Jai and Kochenderfer, Mykel J and Omidshafiei, Shayegan and Agha-mohammadi, Ali-akbar},
  journal={arXiv e-prints},
  pages={arXiv--2411},
  year={2024}
}

% new 

@inproceedings{cot_llm,
 author = {Wei, Jason and Wang, Xuezhi and Schuurmans, Dale and Bosma, Maarten and ichter, brian and Xia, Fei and Chi, Ed and Le, Quoc V and Zhou, Denny},
 booktitle = {Advances in Neural Information Processing Systems},
 editor = {S. Koyejo and S. Mohamed and A. Agarwal and D. Belgrave and K. Cho and A. Oh},
 pages = {24824--24837},
 publisher = {Curran Associates, Inc.},
 title = {\href{https://arxiv.org/abs/2201.11903}{Chain-of-Thought Prompting Elicits Reasoning in Large Language Models}},
 volume = {35},
 year = {2022}
}

@InProceedings{pmlr-v229-liu23d,
  title = {\href{}{Grounding Complex Natural Language Commands for Temporal Tasks in Unseen Environments}},
  author={Liu, Jason Xinyu and Yang, Ziyi and Idrees, Ifrah and Liang, Sam and Schornstein, Benjamin and Tellex, Stefanie and Shah},
  booktitle = {\href{}{Proceedings of The 7th Conference on Robot Learning}},
  pages = {1084--1110},
  year = {2023},
  editor = {Tan, Jie and Toussaint, Marc and Darvish, Kourosh},
  volume = {229},
  series = {Proceedings of Machine Learning Research},
  month = {06--09 Nov},
  publisher = {PMLR},

}

@article{chen2023nl2tl,
  title={\href{}{NL2TL: Transforming Natural Languages to Temporal Logics using Large Language Models}},
  author={Chen, Yongchao and Gandhi, Rujul and Zhang, Yang and Fan, Chuchu},
  journal={arXiv preprint arXiv:2305.07766},
  year={2023}
}

@misc{xie2023reasoning,
      title={\href{https://arxiv.org/abs/2309.10103}{Reasoning about the Unseen for Efficient Outdoor Object Navigation}}, 
      author={Quanting Xie and Tianyi Zhang and Kedi Xu and Matthew Johnson-Roberson and Yonatan Bisk},
      year={2023},
      eprint={2309.10103},
      archivePrefix={arXiv},
      primaryClass={cs.RO}
}

@InProceedings{pmlr-v229-shah23c,
  title = {\href{https://arxiv.org/abs/2310.10103}{Navigation with Large Language Models: Semantic Guesswork as a Heuristic for Planning}},
  author = {Shah, Dhruv and Equi, Michael Robert and Osi\'{n}ski, B\l{}a\.{z}ej and Xia, Fei and Ichter, Brian and Levine, Sergey},
  booktitle = {\href{}{Proceedings of The 7th Conference on Robot Learning}},
  pages = {2683--2699},
  year = {2023},
  editor = {Tan, Jie and Toussaint, Marc and Darvish, Kourosh},
  volume = {229},
  series = {Proceedings of Machine Learning Research},
  month = {06--09 Nov},
  publisher = {PMLR},
}


@InProceedings{pmlr-v205-shah23b,
  title = {\href{https://arxiv.org/abs/2207.04429}{LM-Nav: Robotic Navigation with Large Pre-Trained Models of Language, Vision, and Action}},
  author = {Shah, Dhruv and Osi\'nski, B\l{a}\.zej and ichter, brian and Levine, Sergey},
  booktitle = {\href{}{Proceedings of The 6th Conference on Robot Learning}},
  pages = {492--504},
  year = {2023},
  editor = {Liu, Karen and Kulic, Dana and Ichnowski, Jeff},
  volume = {205},
  series = {Proceedings of Machine Learning Research},
  month = {14--18 Dec},
  publisher = {PMLR},
}


@inproceedings{chen2022nlmapsaycan,
    title={\href{}{Open-vocabulary Queryable Scene Representations for Real World Planning}},
    author={Boyuan Chen and Fei Xia and Brian Ichter and Kanishka Rao and Keerthana Gopalakrishnan and Michael S. Ryoo and Austin Stone and Daniel Kappler},
    booktitle={arXiv preprint arXiv:2209.09874},
    year={2022}
}

@article {schumann-2023-velma,
     title = {\href{}{VELMA: Verbalization Embodiment of LLM Agents for Vision and Language Navigation in Street View}},
     author = "Raphael Schumann and Wanrong Zhu and Weixi Feng and Tsu-Jui Fu and Stefan Riezler and William Yang Wang",
     year = "2023",
     publisher = {arXiv},
     eprint = {2307.06082} 
}

@misc{prasad2024adaptasneededdecompositionplanning,
      title={\href{}{ADaPT: As-Needed Decomposition and Planning with Language Models}}, 
      author={Archiki Prasad and Alexander Koller and Mareike Hartmann and Peter Clark and Ashish Sabharwal and Mohit Bansal and Tushar Khot},
      year={2024},
      eprint={2311.05772},
      archivePrefix={arXiv},
      primaryClass={cs.AI},
      url={\href{https://arxiv.org/abs/2311.05772}{https://arxiv.org/abs/2311.05772}}, 
}

@article{sharan2023llm,
    title={\href{https://arxiv.org/abs/2401.00125}{LLM-Assist: Enhancing Closed-Loop Planning with Language-Based Reasoning}},
    author={Sharan, SP and Pittaluga, Francesco and Kumar B G, Vijay and Chandraker, Manmohan},
    journal={\href{}{arXiv preprint arXiv:2401.00125}},
    year={2023}
}

@misc{omama2023altpilotautonomousnavigationlanguage,
      title={\href{}{ALT-Pilot: Autonomous navigation with Language augmented Topometric maps}}, 
      author={Mohammad Omama and Pranav Inani and Pranjal Paul and Sarat Chandra Yellapragada and Krishna Murthy Jatavallabhula and Sandeep Chinchali and Madhava Krishna},
      year={2023},
      eprint={2310.02324},
      archivePrefix={arXiv},
      primaryClass={cs.RO},
      url={\href{https://arxiv.org/abs/2310.02324}{https://arxiv.org/abs/2310.02324}}, 
}


@inproceedings{huang2022inner,
  title={\href{https://arxiv.org/abs/2207.05608}{Inner Monologue: Embodied Reasoning through Planning with Language Models}},
  author={Wenlong Huang and Fei Xia and Ted Xiao and Harris Chan and Jacky Liang and Pete Florence and Andy Zeng and Jonathan Tompson and Igor Mordatch and Yevgen Chebotar and Pierre Sermanet and Noah Brown and Tomas Jackson and Linda Luu and Sergey Levine and Karol Hausman and Brian Ichter},
  booktitle={\href{}{arXiv preprint arXiv:2207.05608}},
  year={2022}
}

@article{liu2023llmp,
  title={\href{https://arxiv.org/abs/2304.11477}{LLM+P: Empowering Large Language Models with Optimal Planning Proficiency}},
  author={Liu, Bo and Jiang, Yuqian and Zhang, Xiaohan and Liu, Qiang and Zhang, Shiqi and Biswas, Joydeep and Stone, Peter},
  journal={\href{}{arXiv preprint arXiv:2304.11477}},
  year={2023}
}

@article{kupferman2001model,
  title={\href{https://www.cs.rice.edu/~vardi/papers/cav991.pdf}{Model checking of safety properties}},
  author={Kupferman, Orna and Vardi, Moshe Y},
  journal={\href{}{Formal methods in system design}},
  volume={19},
  pages={291--314}
}


@inproceedings{vardi1984automata,
  title={Automata theoretic techniques for modal logics of programs},
  author={Vardi, Moshe Y and Wolper, Pierre},
  booktitle={Proceedings of the sixteenth annual acm symposium on theory of computing},
  pages={446--456},
  year={1984}
}



@inproceedings{adversarial_lidar,
    author = {Cao, Yulong and Xiao, Chaowei and Cyr, Benjamin and Zhou, Yimeng and Park, Won and Rampazzi, Sara and Chen, Qi Alfred and Fu, Kevin and Mao, Z. Morley},
    title = {\href{https://arxiv.org/abs/1907.06826}{Adversarial Sensor Attack on LiDAR-based Perception in Autonomous Driving}},
    year = {2019},
    isbn = {9781450367479},
    publisher = {Association for Computing Machinery},
    address = {New York, NY, USA},
    url = {https://doi.org/10.1145/3319535.3339815},
    doi = {10.1145/3319535.3339815},
    pages = {2267–2281},
    numpages = {15},
    keywords = {adversarial machine learning, autonomous driving, sensor attack},
    location = {London, United Kingdom},
    series = {CCS '19}
    }


@inproceedings{adversarial_object_detection,
author = {Zhao, Yue and Zhu, Hong and Liang, Ruigang and Shen, Qintao and Zhang, Shengzhi and Chen, Kai},
title = {\href{https://dl.acm.org/doi/10.1145/3319535.3354259}{Seeing isn't Believing: Towards More Robust Adversarial Attack Against Real World Object Detectors}},
year = {2019},
isbn = {9781450367479},
publisher = {Association for Computing Machinery},
address = {New York, NY, USA},
booktitle = {Proceedings of the 2019 ACM SIGSAC Conference on Computer and Communications Security},
pages = {1989–2004},
numpages = {16},
keywords = {neural networks, object detectors, physical adversarial attack},
location = {London, United Kingdom},
series = {CCS '19}
}

@misc{mandi2023roco_team,
	title={\href{https://arxiv.org/abs/2307.04738}{RoCo: Dialectic Multi-Robot Collaboration with Large Language Models}}, 
	author={Zhao Mandi and Shreeya Jain and Shuran Song},
	year={2023},
	eprint={2307.04738},
	archivePrefix={arXiv},
	primaryClass={cs.RO}
}


@INPROCEEDINGS{llm_team,
  author={Kannan, Shyam Sundar and Venkatesh, Vishnunandan L. N. and Min, Byung-Cheol},
  booktitle={2024 IEEE/RSJ International Conference on Intelligent Robots and Systems (IROS)}, 
  title={\href{https://arxiv.org/abs/2309.10062}{SMART-LLM: Smart Multi-Agent Robot Task Planning using Large Language Models}}, 
  year={2024},
  volume={},
  number={},
  pages={12140-12147},
  keywords={Codes;Large language models;Benchmark testing;Planning;Complexity theory;Resource management;Intelligent robots;Videos},
  doi={10.1109/IROS58592.2024.10802322}}


@book{model_checking_book,
author = {Clarke, Edmund and Grumberg, Orna and Peled, Doron},
year = {2001},
month = {01},
pages = {},
title = {Model Checking},
isbn = {978-0-262-03270-4}
}


@article{quartey2024verifiably,
  title={\href{https://arxiv.org/abs/2402.11498}{Verifiably Following Complex Robot Instructions with Foundation Models}},
  author={Quartey, Benedixct and Rosen, Eric and Tellex, Stefanie and Konidaris, George},
  journal={arXiv preprint arXiv:2402.11498},
  year={2024}
}


% for appendix

@inproceedings{spot_ltl,
  author = {Alexandre Duret-Lutz},
  title = {\href{https://www.lre.epita.fr/dload/papers/duret.13.atva.pdf}{Manipulating {LTL} formulas using {Spot} 1.0}},
  booktitle = {Proceedings of the 11th International Symposium on
		  Automated Technology for Verification and Analysis
		  (ATVA'13)},
  year = 2013,
  series = {Lecture Notes in Computer Science},
  volume = {8172},
  pages = {442--445},
  address = {Hanoi, Vietnam},
  month = oct,
  publisher = {Springer},
  pdf = {adl/duret.13.atva.pdf},
  slides = {adl/duret.13.atva.slides.pdf},
  doi = {10.1007/978-3-319-02444-8_31}
}


@ARTICLE{fasterlio,  
author={Bai, Chunge and Xiao, Tao and Chen, Yajie and Wang, Haoqian and Zhang, Fang and Gao, Xiang},  
journal={IEEE Robotics and Automation Letters},   
title={Faster-LIO: Lightweight Tightly Coupled Lidar-Inertial Odometry Using Parallel Sparse Incremental Voxels},   
year={2022},  
volume={7},  
number={2},  
pages={4861-4868},  
doi={10.1109/LRA.2022.3152830}}



@ARTICLE{GroundGrid,
  author={Steinke, Nicolai and Goehring, Daniel and Rojas, Raúl},
  journal={IEEE Robotics and Automation Letters}, 
  title={GroundGrid: LiDAR Point Cloud Ground Segmentation and Terrain Estimation}, 
  year={2024},
  volume={9},
  number={1},
  pages={420-426},
}

@article{liu2023groundingdino,
  title={\href{https://arxiv.org/abs/2303.05499}{Grounding dino: Marrying dino with grounded pre-training for open-set object detection}},
  author={Liu, Shilong and Zeng, Zhaoyang and Ren, Tianhe and Li, Feng and Zhang, Hao and Yang, Jie and Li, Chunyuan and Yang, Jianwei and Su, Hang and Zhu, Jun and others},
  journal={arXiv preprint arXiv:2303.05499},
  year={2023}
}


@article{koebler2022robot,
  author = {Jason Koebler},
  title = {\href{https://www.vice.com/en/article/food-delivery-robot-casually-drives-under-police-tape-through-active-crime-scene}{Food Delivery Robot Casually Drives Under Police Tape, Through Active Crime Scene}},
  journal = {VICE},
  year = {2022},
  month = {September},
}

@inproceedings{wu2023hijacking,
  title={\href{https://proceedings.mlr.press/v229/wu23a/wu23a.pdf}{Hijacking Robot Teams Through Adversarial Communication}},
  author={Wu, Zixuan and Ye, Sean Charles and Han, Byeolyi and Gombolay, Matthew},
  booktitle={7th Annual Conference on Robot Learning},
  year={2023}
}
